@article{cui2014coding,
  title={Coding metamaterials, digital metamaterials and programmable metamaterials},
  author={Cui, Tie Jun and Qi, Mei Qing and Wan, Xiang and Zhao, Jie and Cheng, Qiang},
  journal={Light: Science \& Applications},
  volume={3},
  number={10},
  pages={e218--e218},
  year={2014},
  publisher={Nature Publishing Group}
}

@article{huang2020holographic,
  title={Holographic MIMO surfaces for 6G wireless networks: Opportunities, challenges, and trends},
  author={Huang, Chongwen and Hu, Sha and Alexandropoulos, George C and Zappone, Alessio and Yuen, Chau and Zhang, Rui and Di Renzo, Marco and Debbah, Merouane},
  journal={IEEE Wireless Communications},
  volume={27},
  number={5},
  pages={118--125},
  year={2020},
  publisher={IEEE}
}

@article{liu2020ris,
  title={RIS enhanced massive non-orthogonal multiple access networks: Deployment and passive beamforming design},
  author={Liu, Xiao and Liu, Yuanwei and Chen, Yue and Poor, H Vincent},
  journal={IEEE Journal on Selected Areas in Communications},
  year={2020},
  publisher={IEEE}
}

@article{pozar1997design,
  title={Design of millimeter wave microstrip reflectarrays},
  author={Pozar, David M and Targonski, Stephen D and Syrigos, HD},
  journal={IEEE transactions on antennas and propagation},
  volume={45},
  number={2},
  pages={287--296},
  year={1997},
  publisher={IEEE}
}

@article{huang2005reflectarray,
  title={Reflectarray antenna},
  author={Huang, John},
  journal={Encyclopedia of RF and Microwave Engineering},
  year={2005},
  publisher={Wiley Online Library}
}

@article{di2020reconfigurable,
  title={Reconfigurable intelligent surfaces vs. relaying: Differences, similarities, and performance comparison},
  author={Di Renzo, Marco and Ntontin, Konstantinos and Song, Jian and Danufane, Fadil H and Qian, Xuewen and Lazarakis, Fotis and De Rosny, Julien and Phan-Huy, Dinh-Thuy and Simeone, Osvaldo and Zhang, Rui and others},
  journal={IEEE Open Journal of the Communications Society},
  volume={1},
  pages={798--807},
  year={2020},
  publisher={IEEE}
}

@ARTICLE{8732419,  
  author={Rappaport, Theodore S. and Xing, Yunchou and Kanhere, Ojas and Ju, Shihao and Madanayake, Arjuna and Mandal, Soumyajit and Alkhateeb, Ahmed and Trichopoulos, Georgios C.},  
  journal={IEEE Access},   
  title={Wireless Communications and Applications Above 100 GHz: Opportunities and Challenges for 6G and Beyond},   
  year={2019},  
  volume={7},  
  number={},  
  pages={78729-78757},  
  doi={10.1109/ACCESS.2019.2921522}
}

@techreport{ZTE2020,
  author      = {中兴通讯},
  title       = {5G毫米波(mmWave)技术白皮书},
  institution = {中兴通讯股份有限公司},
  year        = {2020}
}

@article{enwiki:1021979549,
  author = {Wikipedia contributors},
  title = {Extremely high frequency --- {Wikipedia}{,} The Free Encyclopedia},
  year = {2021},
  note = {[Online; accessed 11-May-2021]}
}

@ARTICLE{9099621,
  author={W. {Chen} and L. {Bai} and W. {Tang} and S. {Jin} and W. X. {Jiang} and T. J. {Cui}},
  journal={IEEE Commun. Lett.}, 
  title={Angle-Dependent Phase Shifter Model for Reconfigurable Intelligent Surfaces: Does the Angle-Reciprocity Hold?}, 
  year={2020},
  month={Sep.},
  volume={24},
  number={9},
  pages={2060-2064},
  doi={10.1109/LCOMM.2020.2993961}
}

@ARTICLE{8746155,
  author={Y. {Han} and W. {Tang} and S. {Jin} and C. {Wen} and X. {Ma}},
  journal={IEEE Trans. Veh. Technol.}, 
  title={Large Intelligent Surface-Assisted Wireless Communication Exploiting Statistical CSI}, 
  year={2019},
  volume={68},
  number={8},
  pages={8238-8242},
  doi={10.1109/TVT.2019.2923997}
}

@article{CHN_zhang2017,
author={张磊 and 刘硕 and 崔铁军},
title={电磁编码超材料的理论与应用},
journal={中国光学},
year={2017},
volume={10},
number={1},
pages={1-12},
month={4},
}

@article{CHN_zhou2020,
  author={周儒雅 and 唐万恺 and 李潇 and 金石},
  title={基于可重构智能表面的移动通信简要综述},
  journal={移动通信},
  year={2020},
  volume={44},
  number={6},
  pages={63-69},
  month={7},
}

@online{Metawave,
  title = {{NTT DOCOMO} and {Metawave} Announce Successful Demonstration of {28GHz-Band} {5G} Using World's First Meta-Structure Technology},
  url = {https://www.businesswire.com/news/home/20181204005253/en/NTT-DOCOMO-Metawave-Announce-Successful-Demonstration-28GHz-Band}
}

@ARTICLE{9326394, 
  author={Q. {Wu} and S. {Zhang} and B. {Zheng} and C. {You} and R. {Zhang}},  
  journal={IEEE Trans. Commun.},   
  title={Intelligent Reflecting Surface Aided Wireless Communications: A Tutorial},
  year={2021}, 
  month={Jan.}, 
  volume={},  
  number={},  
  pages={1-1}}

@BOOK{3gpp:38.214,
  author={3GPP},
  TITLE = {{5G}; {NR}; Physical Layer Procedures for Data (Release 16)},
  PUBLISHER = {Technical Specification TS 38.214, available: http://www.3gpp.org},
  year = {2020}
  }

@book{tse2005fundamentals,
  title={Fundamentals of Wireless Communication},
  author={Tse, D. and Viswanath, P.},
  isbn={9780521845274},
  lccn={2006272166},
  series={Wiley series in telecommunications},
  year={2005},
  publisher={Cambridge University Press}
}


@BOOK{3gpp:38.901,
  author={3GPP},
  TITLE ={Study on Channel Model for Frequencies from 0.5 to 100 GHz (Release 15)},
  PUBLISHER = {Technical Report TR 38.901, available: http://www.3gpp.org},
  year = {2019}
}

@ARTICLE{6736761,  
  author={E. G. {Larsson} and O. {Edfors} and F. {Tufvesson} and T. L. {Marzetta}},  
  journal={IEEE Commun. Mag.},   
  title={Massive {MIMO} for next generation wireless systems},  
  month={Feb.}, 
  year={2014},  
  volume={52},  
  number={2},  
  pages={186-195}
  }

@ARTICLE{6457363,  
  author={H. Q. {Ngo} and E. G. {Larsson} and T. L. {Marzetta}},  
  journal={IEEE Trans. Commun.},   
  title={Energy and Spectral Efficiency of Very Large Multiuser {MIMO} Systems},   
  year={2013},  
  volume={61},  
  number={4},  
  pages={1436-1449}}

@article{arun2019rfocus,
  title={RFocus: Practical beamforming for small devices},
  author={Arun, Venkat and Balakrishnan, Hari},
  journal={arXiv preprint arXiv:1905.05130},
  year={2019}
}

@article{Tsilipakos2020a,
  author = {O. Tsilipakos and others},
  title = {Toward Intelligent Metasurfaces: The Progress from Globally Tunable Metasurfaces to Software-Defined Metasurfaces with an Embedded Network of Controllers},
  journal = {Adv. Opt. Mater.},
  year = {2020},
  month={Sep.},
  number = {2000783},
}

@article{RIS_SPMAG,
  title={Reconfigurable Intelligent Surfaces: A Signal Processing Perspective With Wireless Applications},
  author={E. Bj\"ornson and H. Wymeersch and B. Matthiesen and P. Popovski and L. Sanguinetti and E. de Carvalho},
  journal={arXiv preprint arXiv:2102.00742},
  year={2021}
}

@inproceedings{arun2020rfocus,
  author = {{V. Arun and H. Balakrishnan}},
  title = {{RFocus}: Beamforming Using Thousands of Passive Antennas},
  booktitle = {17th {USENIX} Symposium on Networked Systems Design and Implementation ({NSDI} 20)},
  year = {2020},
  isbn = {978-1-939133-13-7},
  pages = {1047--1061},
  publisher = {{USENIX} Association},
  month = {Feb.},
}

@ARTICLE{6230714,  
  author={C. L. {Holloway} and E. F. {Kuester} and J. A. {Gordon} and J. {O'Hara} and J. {Booth} and D. R. {Smith}},  
  journal={{IEEE} Antennas Propag. Mag.},   
  title={An Overview of the Theory and Applications of Metasurfaces: The Two-Dimensional Equivalents of Metamaterials},   
  year={2012},  
  volume={54},  
  number={2},  
  pages={10-35},  
  doi={10.1109/MAP.2012.6230714}
}

@article{shelby2001experimental,
  title={Experimental verification of a negative index of refraction},
  author={Shelby, Richard A and Smith, David R and Schultz, Seldon},
  journal={Science},
  volume={292},
  number={5514},
  pages={77--79},
  year={2001},
  publisher={American Association for the Advancement of Science}
}

@article{cui2017information,
  title={Information metamaterials and metasurfaces},
  author={Cui, Tie Jun and Liu, Shuo and Zhang, Lei},
  journal={J. Mater. Chem. C},
  volume={5},
  number={15},
  pages={3644--3668},
  year={2017},
  publisher={Royal Society of Chemistry}
}

@article{zhao2019programmable,
  title={Programmable time-domain digital-coding metasurface for non-linear harmonic manipulation and new wireless communication systems},
  author={Zhao, Jie and Yang, Xi and Dai, Jun Yan and Cheng, Qiang and Li, Xiang and Qi, Ning Hua and Ke, Jun Chen and Bai, Guo Dong and Liu, Shuo and Jin, Shi and others},
  journal={Natl. Sci. Rev.},
  volume={6},
  number={2},
  pages={231--238},
  year={2019},
  publisher={Oxford University Press}
}

@ARTICLE{7402270,  
  author={E. {Bj{\"o}rnson} and E. G. {Larsson} and T. L. {Marzetta}},  
  journal={IEEE Commun. Mag.},   
  title={Massive {MIMO}: ten myths and one critical question},   
  year={2016},  
  volume={54},  
  number={2},  
  pages={114-123},  
  doi={10.1109/MCOM.2016.7402270}
}

@book{mumtaz2016mmwave,
  title={MmWave massive MIMO: a paradigm for 5G},
  author={Mumtaz, Shahid and Rodriguez, Jonathan and Dai, Linglong},
  year={2016},
  publisher={Academic Press}
}

@ARTICLE{6375940,  
  author={F. {Rusek} and D. {Persson} and B. K. {Lau} and E. G. {Larsson} and T. L. {Marzetta} and O. {Edfors} and F. {Tufvesson}},  
  journal={IEEE Signal Process. Mag.},   
  title={Scaling Up MIMO: Opportunities and Challenges with Very Large Arrays},   
  year={2013},  
  volume={30},  
  number={1},  
  pages={40-60},  
  doi={10.1109/MSP.2011.2178495}
}

@INPROCEEDINGS{5502350,  
  author={D. {Yang} and L. -. {Yang} and L. {Hanzo}}, 
  booktitle={2010 IEEE International Conference on Communications},   
  title={DFT-Based Beamforming Weight-Vector Codebook Design for Spatially Correlated Channels in the Unitary Precoding Aided Multiuser Downlink},  
  year={2010},  
  volume={},  
  number={},  
  pages={1-5},  
  doi={10.1109/ICC.2010.5502350}
}

@INPROCEEDINGS{7510962,
  author={X. {Tan} and Z. {Sun} and J. M. {Jornet} and D. {Pados}},  
  booktitle={2016 IEEE International Conference on Communications (ICC)},   
  title={Increasing indoor spectrum sharing capacity using smart reflect-array},   
  year={2016},  
  volume={},  
  number={},  
  pages={1-6},   
  doi={10.1109/ICC.2016.7510962},  
  ISSN={1938-1883},  
  month={May.}
}

@article{basar2019wireless,
  title={Wireless communications through reconfigurable intelligent surfaces},
  author={Basar, Ertugrul and Di Renzo, Marco and De Rosny, Julien and Debbah, Merouane and Alouini, Mohamed-Slim and Zhang, Rui},
  journal={IEEE Access},
  volume={7},
  pages={116753--116773},
  year={2019},
  publisher={IEEE}
}

@article{cho2018rf,
  title={RF lens-embedded antenna array for mmWave {MIMO}: Design and performance},
  author={Cho, Yae Jee and Suk, Gee-Yong and Kim, Byoungnam and Kim, Dong Ku and Chae, Chan-Byoung},
  journal={IEEE Commun. Mag.},
  volume={56},
  number={7},
  pages={42--48},
  year={2018},
  publisher={IEEE}
}

@ARTICLE{liang2019large,  
  author={Y. {Liang} and R. {Long} and Q. {Zhang} and J. {Chen} and H. V. {Cheng} and H. {Guo}},  
  journal={J. Commun. Inf. Netw.},   
  title={Large Intelligent Surface/Antennas ({LISA}): Making Reflective Radios Smart},   
  year={2019}, 
  month={Jun.}, 
  volume={4},  
  number={2},  
  pages={40-50},  
  doi={10.23919/JCIN.2019.8917871}
}

@ARTICLE{Wu2020b,
  author={Q. {Wu} and R. {Zhang}},
  journal={IEEE Trans. Commun.}, 
  title={Beamforming Optimization for Wireless Network Aided by Intelligent Reflecting Surface With Discrete Phase Shifts}, 
  year={2020},
  month={Mar.},
  volume={68},
  number={3},
  pages={1838-1851}
}

@article{holloway2009discussion,
  title={A discussion on the interpretation and characterization of metafilms/metasurfaces: The two-dimensional equivalent of metamaterials},
  author={Holloway, Christopher L and Dienstfrey, Andrew and Kuester, Edward F and O’Hara, John F and Azad, Abul K and Taylor, Antoinette J},
  journal={Metamaterials},
  volume={3},
  number={2},
  pages={100--112},
  year={2009},
  publisher={Elsevier}
}

@book{cui2009ruopeng,
  author = {Cui, Tie Jun and Smith, David and Liu, Ruo Peng},
  year = {2010},
  month = {Jan.},
  pages = {1-367},
  publisher={Springer},
  title = {Metamaterials: Theory, Design, and Applications},
  doi = {10.1007/978-1-4419-0573-4}
}

@article{Renzo2019,
  title={Smart radio environments empowered by reconfigurable AI meta-surfaces: An idea whose time has come},
  author={Di Renzo, Marco and Debbah, Merouane and Phan-Huy, Dinh-Thuy and Zappone, Alessio and Alouini, Mohamed-Slim and Yuen, Chau and Sciancalepore, Vincenzo and Alexandropoulos, George C and Hoydis, Jakob and Gacanin, Haris and others},
  journal={EURASIP Journal on Wireless Communications and Networking},
  volume={2019},
  number={1},
  pages={1--20},
  year={2019},
  publisher={SpringerOpen}
}

@article{Zhao_2013,
  year = {2013},
  month = {Apr.},
  publisher = {{IOP} Publishing},
  volume = {15},
  number = {4},
  pages = {043049},
  author = {Jie Zhao and Qiang Cheng and Jie Chen and Mei Qing Qi and Wei Xiang Jiang and Tie Jun Cui},
  title = {A tunable metamaterial absorber using varactor diodes},
  journal = {New J. Phys.}
}

@ARTICLE{yin2020JSAC,
  title={Addressing the curse of mobility in massive {MIMO} with {Prony-based} angular-delay domain channel predictions},
  author={Yin, Haifan  and Wang, Haiquan and Liu, Yingzhuang and Gesbert, David},
  journal={IEEE J. Sel. Areas Commun.},
  year={2020},
  month={Dec.},
  volume={38},
  number={12},
  pages={2903-2917}
}

@ARTICLE{7480359,  
  author={H. {Yang} and F. {Yang} and S. {Xu} and M. {Li} and X. {Cao} and J. {Gao} and Y. {Zheng}},  
  journal={{IEEE} Antennas Wireless Propag. Lett.},   
  title={A Study of Phase Quantization Effects for Reconfigurable Reflectarray Antennas},   
  year={2017}, 
  month={Feb.}, 
  volume={16},  
  number={},  
  pages={302-305},  
  doi={10.1109/LAWP.2016.2574118}
}

@book{al20185g,
  title={5G Networks: Fundamental Requirements, Enabling Technologies, and Operations Management},
  author={Al-Dulaimi, A. and Wang, X.},
  isbn={9781119332732},
  lccn={2018275967},
  year={2018},
  publisher={Wiley}
}

@article{Huang2018a,
  author = {C. Huang and A. Zappone and G. C. Alexandropoulos and M. Debbah and C. Yuen},
  journal={IEEE Trans. Wireless Commun.},
  title = {Reconfigurable Intelligent Surfaces for Energy Efficiency in Wireless Communication},
  year={2019}, 
  month={Aug.},
  volume={18}, 
  number={8}, 
  pages={4157-4170}}

@article{Renzo2020b,
  author = {M. Di Renzo and others},
  journal = {IEEE J. Sel. Areas Commun.},
  volume = {38},
  number = {11},
  pages = {2450-2525},
  title = {Smart Radio Environments Empowered by Reconfigurable Intelligent Surfaces: How it Works, State of Research, and Road Ahead},
  month = {Nov.},
  year = {2020}
}

@ARTICLE{Liaskos2018a, 
  author={C. {Liaskos} and S. {Nie} and A. {Tsioliaridou} and A. {Pitsillides} and S. {Ioannidis} and I. {Akyildiz}}, 
  journal={IEEE Commun. Mag.},
  title={A New Wireless Communication Paradigm through Software-Controlled Metasurfaces}, 
  year={2018}, 
  month={Sep.},
  volume={56}, 
  number={9}, 
  pages={162-169}
}

@book{Dohler2010a,
  title={Cooperative Communications: Hardware, Channel and {PHY}},
  author={M. Dohler and Y. Li},
  year={2010},
  publisher={John Wiley \& Sons}
}

@book{AASbook,
	title={Advanced Antenna Systems for {5G} Network Deployments},
	author={H. Asplund and D. Astely and P. von Butovitsch and T. Chapman and M. Frenne and F. Ghasemzadeh and M. Hagstr\"om and B. Hogan and G. J\"ongren and J. Karlsson and F. Kronestedt and E. Larsson},
	year={2020},
	publisher={Academic Press}
}

@article{massivemimobook,
  year = {2017},
  volume = {11},
  journal = {Found Trends{\textregistered} Signal Process.},
  title = {Massive {MIMO} networks: {Spectral}, energy, and hardware efficiency},
  number = {3-4},
  pages = {154-655},
  author = {Emil Bj\"{o}rnson and Jakob Hoydis and Luca Sanguinetti}
}

@article{Tang2019Programmable,
  author = {Tang, Wankai and Dai, Jun Yan and Chen, Mingzheng and Li, Xiang and Cheng, Qiang and Jin, Shi and Wong, Kai Kit and Cui, Tie Jun},
  doi = {10.1049/el.2019.0400},
  issn = {00135194},
  journal = {Electron. Lett.},
  title = {Programmable metasurface-based {RF} chain-free {8PSK} wireless transmitter},
  year = {2019}
}

@article{Dai2020,
  archivePrefix = {arXiv},
  arxivId = {1912.03620},
  author = {Dai, Linglong and Wang, Bichai and Wang, Min and Yang, Xue and Tan, Jingbo and Bi, Shuangkaisheng and Xu, Shenheng and Yang, Fan and Chen, Zhi and Renzo, Marco Di and Chae, Chan-Byoung and Hanzo, Lajos},
  doi = {10.1109/ACCESS.2020.2977772},
  eprint = {1912.03620},
  issn = {2169-3536},
  journal = {IEEE Access},
  keywords = {Massive MIMO,prototype,reconfigurable intelligent surface (RIS),wireless communication},
  pages = {45913--45923},
  title = {Reconfigurable Intelligent Surface-Based Wireless Communications: Antenna Design, Prototyping, and Experimental Results},
  volume = {8},
  year = {2020}
}

@article{Gong2020,
  archivePrefix = {arXiv},
  arxivId = {1912.07794},
  author = {Gong, Shimin and Lu, Xiao and Hoang, Dinh Thai and Niyato, Dusit and Shu, Lei and Kim, Dong In and Liang, Ying-Chang},
  doi = {10.1109/comst.2020.3004197},
  eprint = {1912.07794},
  issn = {1553-877X},
  journal = {IEEE Commun. Surv. Tutor.},
  title = {Towards Smart Wireless Communications via Intelligent Reflecting Surfaces: A Contemporary Survey},
  year = {2020}
}

@article{dai2019wireless,
  title={Wireless communications through a simplified architecture based on time-domain digital coding metasurface},
  author={Dai, Jun Yan and Tang, Wan Kai and Zhao, Jie and Li, Xiang and Cheng, Qiang and Ke, Jun Chen and Chen, Ming Zheng and Jin, Shi and Cui, Tie Jun},
  journal={Adv. Mater. Technol.},
  volume={4},
  number={7},
  pages={1900044},
  year={2019},
  publisher={Wiley Online Library}
}

@article{Tang2019Wireless,
  author = {Tang, Wankai and Li, Xiang and Dai, Jun Yan and Jin, Shi and Zeng, Yong and Cheng, Qiang and Cui, Tie Jun},
  doi = {10.12676/j.cc.2019.05.004},
  issn = {16735447},
  journal = {China Commun.},
  title = {Wireless communications with programmable metasurface: Transceiver design and experimental results},
  year = {2019}
}

@ARTICLE{9048622,  
  author={W. {Tang} and M. Z. {Chen} and J. Y. {Dai} and Y. {Zeng} and X. {Zhao} and S. {Jin} and Q. {Cheng} and T. J. {Cui}},  
  journal={IEEE Wireless Commun.},   
  title={Wireless Communications with Programmable Metasurface: New Paradigms, Opportunities, and Challenges on Transceiver Design},   
  year={2020},  
  month={Apr.},
  volume={27},  
  number={2},  
  pages={180-187},  
  doi={10.1109/MWC.001.1900308}
}

@article{marzetta:10a,
  title={Noncooperative cellular wireless with unlimited numbers of base station antennas},
  author={Marzetta, T. L.},
  journal={IEEE Trans. Wireless Commun.},
  volume={9},
  number={11},
  pages={3590--3600},
  year={2010},
  month={Nov.}
}

@article{yin:13,
  title={A coordinated approach to channel estimation in large-scale multiple-antenna systems},
  author={Yin, H. and Gesbert, D. and Filippou, M. and Liu, Y.},
  journal={IEEE J. Sel. Areas Commun.},
  volume={31},
  number={2},
  pages={264--273},
  month={Feb.},
  year={2013},
  publisher={IEEE}
}

@article{adhikary:13,
  author={Adhikary, A and Junyoung Nam and Jae-Young Ahn and Caire, G.},
  journal={IEEE Trans. Inf. Theory},
  title={Joint Spatial Division and Multiplexing -- The Large-Scale Array Regime},
  year={2013},
  month={Oct.},
  volume={59},
  number={10},
  pages={6441-6463}
}

@ARTICLE{BS20,
  author={E. {Bj\"ornson} and L. {Sanguinetti}},
  journal={IEEE Open J. Commun. Soc.}, 
  title={Power Scaling Laws and Near-Field Behaviors of Massive {MIMO} and Intelligent Reflecting Surfaces}, 
  year={2020},
  volume={1},
  number={},
  pages={1306-1324}
}

@ARTICLE{Bjornson2020,
  author={E. {Bj{\"o}rnson} and {\"O}. {{\"O}zdogan} and E. G. {Larsson}},
  journal={IEEE Commun. Mag.},
  title={Reconfigurable Intelligent Surfaces: Three Myths and Two Critical Questions}, 
  year={2020},
  month={Dec.},
  volume={58},
  number={12},
  pages={90-96}
}

@ARTICLE{Wu2019,
  author={Q. {Wu} and R. {Zhang}},
  journal={IEEE Trans. Wireless Commun.},
  title={Intelligent Reflecting Surface Enhanced Wireless Network via Joint Active and Passive Beamforming}, 
  year={2019},
  month={Nov.},
  volume={18},
  number={11},
  pages={5394-5409}
}

@ARTICLE{Zheng2020,
  author={B. {Zheng} and R. {Zhang}},
  journal={IEEE Wireless Commun. Lett.}, 
  title={Intelligent Reflecting Surface-Enhanced {OFDM}: Channel Estimation and Reflection Optimization}, 
  year={2020},
  month={Apr.},
  volume={9},
  number={4},
  pages={518-522}
}
  
@article{Taha2019a,
  title={Enabling Large Intelligent Surfaces with Compressive Sensing and Deep Learning},
  journal = {CoRR},
  volume = {abs/1904.10136},
  author={A. Taha and M. Alrabeiah and A. Alkhateeb},
  year={2019}
}

@ARTICLE{wang2020,
  author={Z. {Wang} and L. {Liu} and S. {Cui}},
  journal={IEEE Trans. Wireless Commun.}, 
  title={Channel Estimation for Intelligent Reflecting Surface Assisted Multiuser Communications: Framework, Algorithms, and Analysis}, 
  year={2020},
  month={Oct.},
  volume={19},
  number={10},
  pages={6607-6620}
}

@ARTICLE{Tang2021,
  author={W. {Tang} and M. Z. {Chen} and X. {Chen} and J. Y. {Dai} and Y. {Han} and M. {Di Renzo} and Y. {Zeng} and S. {Jin} and Q. {Cheng} and T. J. {Cui}},
  journal={IEEE Trans. Wireless Commun.},
  title={Wireless Communications With Reconfigurable Intelligent Surface: Path Loss Modeling and Experimental Measurement}, 
  year={2021},
  month={Jan.},
  volume={20},
  number={1},
  pages={421-439}
}

@article{Zhang2020a,
  title={Controlling angular dispersions in optical metasurfaces},
  author={Zhang, Xiyue and Li, Qi and Liu, Feifei and Qiu, Meng and Sun, Shulin and He, Qiong and Zhou, Lei},
  journal={Light: Sci. Appl.},
  volume={9},
  number={76},
  year = {2020},
  month = {May.},
  pages = {76}
}
